<record><leader>00000cas a22000007a 4500</leader><controlfield tag="001">18027027</controlfield><controlfield tag="008">880601d19271969nyuwr ne      0    0eng d</controlfield><datafield ind1=" " ind2=" " tag="010"><subfield code="a">sn 88074478 </subfield></datafield><datafield ind1=" " ind2=" " tag="040"><subfield code="a">NYS</subfield><subfield code="b">eng</subfield><subfield code="c">NYS</subfield><subfield code="d">OCLCQ</subfield></datafield><datafield ind1=" " ind2=" " tag="042"><subfield code="a">msc</subfield></datafield><datafield ind1="0" ind2=" " tag="130"><subfield code="a">Arcade herald (Arcade, N.Y. : 1927)</subfield></datafield><datafield ind1="1" ind2="0" tag="245"><subfield code="a">Arcade herald.</subfield></datafield><datafield ind1="3" ind2="0" tag="246"><subfield code="a">Delevan press</subfield></datafield><datafield ind1="1" ind2="3" tag="246"><subfield code="a">Wyoming County herald</subfield></datafield><datafield ind1=" " ind2=" " tag="260"><subfield code="a">Arcade, N.Y. :</subfield><subfield code="b">W.F. Arthurs</subfield></datafield><datafield ind1=" " ind2=" " tag="300"><subfield code="a">v.</subfield></datafield><datafield ind1=" " ind2=" " tag="310"><subfield code="a">Weekly</subfield></datafield><datafield ind1="0" ind2=" " tag="362"><subfield code="a">Vol. 36, no. 33 (Oct. 14, 1927)-</subfield></datafield><datafield ind1="1" ind2=" " tag="362"><subfield code="a">Ceased with July 10, 1969 issue.</subfield></datafield><datafield ind1=" " ind2=" " tag="500"><subfield code="a">Some issues for &lt;Aug. 14, 1947&gt; titled: "Delevan press;" some titled: "Arcade herald."</subfield></datafield><datafield ind1=" " ind2="4" tag="651"><subfield code="a">Arcade (N.Y.)</subfield><subfield code="v">Newspapers.</subfield></datafield><datafield ind1=" " ind2="4" tag="651"><subfield code="a">Wyoming County (N.Y.)</subfield><subfield code="v">Newspapers.</subfield></datafield><datafield ind1=" " ind2=" " tag="752"><subfield code="a">United States</subfield><subfield code="b">New York</subfield><subfield code="c">Wyoming</subfield><subfield code="d">Arcade.</subfield></datafield><datafield ind1="0" ind2="0" tag="780"><subfield code="t">Wyoming County herald (Bliss, N.Y.)</subfield><subfield code="w">(DLC)sn 86034975</subfield></datafield><datafield ind1="0" ind2="7" tag="785"><subfield code="t">Holland review</subfield><subfield code="w">(DLC)sn 87070072</subfield></datafield><datafield ind1="0" ind2="7" tag="785"><subfield code="t">Tri-county times (Arcade, N.Y.)</subfield><subfield code="w">(DLC)sn 88074477</subfield><subfield code="w">(OCoLC)18026844</subfield></datafield><datafield ind1="1" ind2=" " tag="029"><subfield code="a">AU@</subfield><subfield code="b">000020522171</subfield></datafield></record>